@book{cochrane2009asset,
  title={Asset pricing: Revised edition},
  author={Cochrane, John H},
  year={2009},
  publisher={Princeton university press}
}

@book{campbell2017financial,
  title={Financial decisions and markets: a course in asset pricing},
  author={Campbell, John Y},
  year={2017},
  publisher={Princeton University Press}
}